@online{asteroids,
    title = "Asteroids (video game)",
    url  = "https://en.wikipedia.org/wiki/Asteroids_(video_game)",
}

@online{pygame,
    title = "Pygame documentation",
    url  = "https://www.pygame.org/docs/",
}

@online{dt,
    title = "Delta Time",
    url = "https://gamedev.stackexchange.com/questions/13008/how-to-get-and-use-delta-time",
}

@online{noc,
    title = "Nature of Code",
    url = "https://natureofcode.com/book/chapter-1-vectors/",
}

@online{collisions,
    title = "Collision tutorial (adobe flash emulation necessary)",
    url = "https://www.metanetsoftware.com/technique/tutorialA.html/",
}

@online{SAT,
    title = "David Eberly, Magic Software, Inc. - Method Of Separating Axes",
    url = "https://web.archive.org/web/20050130112914/http://www.magic-software.com/Documentation/MethodOfSeparatingAxes.pdf/",
}

@online{SATlib,
    title = "Juan Antonio Aldea, SAT Library",
    url = "https://github.com/JuantAldea/Separating-Axis-Theorem",
}